
@book{blakely1996potential,
  title={Potential theory in gravity and magnetic applications},
  author={Blakely, Richard J},
  year={1996},
  publisher={Cambridge university press}
}

@book{telford1990applied,
  title={Applied geophysics},
  author={Telford, William Murray and Telford, WM and Geldart, LP and Sheriff, Robert E and Sheriff, Robert E},
  volume={1},
  year={1990},
  publisher={Cambridge university press}
}

@book{allen2013basin,
  title={Basin analysis: Principles and application to petroleum play assessment},
  author={Allen, Philip A and Allen, John R},
  year={2013},
  publisher={John Wiley \& Sons}
}

@book{watts2001isostasy,
  title={Isostasy and Flexure of the Lithosphere},
  author={Watts, Anthony Brian},
  year={2001},
  publisher={Cambridge University Press}
}

@incollection{eppelbaum2014investigating,
  title={Investigating Deep Lithospheric Structures},
  author={Eppelbaum, Lev and Kutasov, Izzy and Pilchin, Arkady},
  booktitle={Applied geothermics},
  pages={269--391},
  year={2014},
  publisher={Springer}
}

@incollection{asmus1973brazilian,
  title={The Brazilian marginal basins},
  author={Asmus, Ha Eo and Ponte, Fa Ca},
  booktitle={The South Atlantic},
  pages={87--133},
  year={1973},
  publisher={Springer}
}

@article{plouff1976gravity,
  title={Gravity and magnetic fields of polygonal prisms and application to magnetic terrain corrections},
  author={Plouff, Donald},
  journal={Geophysics},
  volume={41},
  number={4},
  pages={727--741},
  year={1976},
  publisher={Society of Exploration Geophysicists}
}

@article{nagy1966gravitational,
  title={The gravitational attraction of a right rectangular prism},
  author={Nagy, Dezs{\"o}},
  journal={Geophysics},
  volume={31},
  number={2},
  pages={362--371},
  year={1966},
  publisher={Society of Exploration Geophysicists}
}

@article{nagy1966prism,
  title={The prism method for terrain corrections using digital computers},
  author={Nagy, Dezs{\H{o}}},
  journal={pure and applied geophysics},
  volume={63},
  number={1},
  pages={31--39},
  year={1966},
  publisher={Springer}
}

@article{nagy2000gravitational,
  title={The gravitational potential and its derivatives for the prism},
  author={Nagy, Dezso and Papp, Gabor and Benedek, Judit},
  journal={Journal of Geodesy},
  volume={74},
  number={7-8},
  pages={552--560},
  year={2000},
  publisher={Springer}
}

@article{drewes2016geodesist,
  title={The Geodesist's Handbook 2016},
  author={Drewes, Hermann and Kuglitsch, Franz and Ad{\'a}m, J{\'o}zsef and R{\'o}zsa, Szabolcs},
  journal={Journal of Geodesy},
  volume={90},
  number={10},
  pages={907},
  year={2016},
  publisher={Springer Science \& Business Media}
}

@article{barthelmes2009definition,
  title={Definition of functionals of the geopotential and their calculation from spherical harmonic models},
  author={Barthelmes, Franz},
  journal={http://publications. iass-potsdam. de/pubman/item/escidoc},
  volume={104132},
  number={3},
  pages={0902--2},
  year={2009}
}

@article{gagg2017geraccao,
  title={Gera{\c{c}}{\~a}o de mapas de anomalia Bouguer a partir de dados gravim{\'e}tricos terrestres e do EGM2008},
  author={Gagg, Gilberto and de Souza, S{\'e}rgio Flor{\^e}ncio},
  journal={Brazilian Journal of Geomatics},
  volume={5},
  number={2},
  pages={186--201},
  year={2017}
}

@article{von1999antarctic,
  title={Antarctic crustal modeling from the spectral correlation of free-air gravity anomalies with the terrain},
  author={von Frese, Ralph RB and Tan, Li and Woo Kim, Jeong and Bentley, Charles R},
  journal={Journal of Geophysical Research: Solid Earth},
  volume={104},
  number={B11},
  pages={25275--25296},
  year={1999},
  publisher={Wiley Online Library}
}

@article{leftwich2005crustal,
  title={Crustal modeling of the North Atlantic from spectrally correlated free-air and terrain gravity},
  author={Leftwich, Timothy E and von Frese, Ralph RB and Potts, Laramie V and Kim, Hyung Rae and Roman, Daniel R and Taylor, Patrick T and Barton, Michael},
  journal={Journal of Geodynamics},
  volume={40},
  number={1},
  pages={23--50},
  year={2005},
  publisher={Elsevier}
}

@article{kim2000crustal,
  title={Crustal modeling from spectrally correlated free-air and terrain gravity dataâ€”a case study of Ohio},
  author={Woo Kim, Jeong and von Frese, Ralph RB and Kim, Hyung Rae},
  journal={Geophysics},
  volume={65},
  number={4},
  pages={1057--1069},
  year={2000},
  publisher={Society of Exploration Geophysicists}
}

@article{uieda2016fast,
  title={Fast nonlinear gravity inversion in spherical coordinates with application to the South American Moho},
  author={Uieda, Leonardo and Barbosa, Val{\'e}ria CF},
  journal={Geophysical Journal International},
  volume={208},
  number={1},
  pages={162--176},
  year={2016},
  publisher={Oxford University Press}
}

@article{bagherbandi2012crustal,
  title={Crustal thickness recovery using an isostatic model and GOCE data},
  author={Bagherbandi, Mohammad and Eshagh, Mehdi},
  journal={Earth, planets and space},
  volume={64},
  number={11},
  pages={1053--1057},
  year={2012},
  publisher={Springer}
}

@inproceedings{barzaghi2015global,
  title={Global to local Moho estimate based on GOCE geopotential model and local gravity data},
  author={Barzaghi, R and Reguzzoni, M and Borghi, A and De Gaetani, C and Sampietro, D and Marotta, AM},
  booktitle={VIII Hotine-Marussi Symposium on Mathematical Geodesy},
  pages={275--282},
  year={2015},
  organization={Springer}
}

@article{eshagh2017isostatic,
  title={Isostatic GOCE Moho model for Iran},
  author={Eshagh, Mehdi and Ebadi, Sahar and Tenzer, Robert},
  journal={Journal of Asian Earth Sciences},
  volume={138},
  pages={12--24},
  year={2017},
  publisher={Elsevier}
}

@article{eshagh2016moho,
  title={Moho density contrast in central Eurasia from GOCE gravity gradients},
  author={Eshagh, Mehdi and Hussain, Matloob and Tenzer, Robert and Romeshkani, Mohsen},
  journal={Remote Sensing},
  volume={8},
  number={5},
  pages={418},
  year={2016},
  publisher={Multidisciplinary Digital Publishing Institute}
}

@article{assumpccao2013models,
  title={Models of crustal thickness for South America from seismic refraction, receiver functions and surface wave tomography},
  author={Assump{\c{c}}{\~a}o, Marcelo and Feng, Mei and Tassara, Andr{\'e}s and Juli{\`a}, Jordi},
  journal={Tectonophysics},
  volume={609},
  pages={82--96},
  year={2013},
  publisher={Elsevier}
}

@article{van2013gravity,
  title={Gravity derived Moho for South America},
  author={Van der Meijde, M and Juli{\`a}, J and Assump{\c{c}}{\~a}o, M},
  journal={Tectonophysics},
  volume={609},
  pages={456--467},
  year={2013},
  publisher={Elsevier}
}

@article{ye2016generalized,
  title={Generalized model for a Moho inversion from gravity and vertical gravity-gradient data},
  author={Ye, Zhourun and Tenzer, Robert and Sneeuw, Nico and Liu, Lintao and Wild-Pfeiffer, Franziska},
  journal={Geophysical Journal International},
  volume={207},
  number={1},
  pages={111--128},
  year={2016},
  publisher={Oxford University Press}
}

@article{xu2009regional,
  title={Regional gravity anomaly separation using wavelet transform and spectrum analysis},
  author={Xu, Ya and Hao, Tianyao and Li, Zhiwei and Duan, Qiuliang and Zhang, Lili},
  journal={Journal of Geophysics and Engineering},
  volume={6},
  number={3},
  pages={279},
  year={2009},
  publisher={IOP Publishing}
}

@article{sailhac2003identification,
  title={Identification of sources of potential fields with the continuous wavelet transform: Two-dimensional wavelets and multipolar approximations},
  author={Sailhac, Pascal and Gibert, Dominique},
  journal={Journal of Geophysical Research: Solid Earth},
  volume={108},
  number={B5},
  year={2003},
  publisher={Wiley Online Library}
}
@article{yang2001discrete,
  title={Discrete wavelet transform for multiple decomposition of gravity anomalies},
  author={Yang, Wen-Cai and Shi, Zhi-Qun and Hou, Zun-Ze},
  journal={Chinese journal of geophysics},
  volume={44},
  number={4},
  pages={529--537},
  year={2001},
  publisher={Wiley Online Library}
}
@article{pawlowski1995preferential,
  title={Preferential continuation for potential-field anomaly enhancement},
  author={Pawlowski, Robert S},
  journal={Geophysics},
  volume={60},
  number={2},
  pages={390--398},
  year={1995},
  publisher={Society of Exploration Geophysicists}
}
@article{pawlowski1990gravity,
  title={Gravity anomaly separation by Wiener filtering},
  author={Pawlowski, Robert S and Hansen, RO},
  journal={Geophysics},
  volume={55},
  number={5},
  pages={539--548},
  year={1990},
  publisher={Society of Exploration Geophysicists}
}

@article{biondo2011campo,
  title={Campo gravim{\'e}trico do complexo alcalino de tapira (mg): Compara{\c{c}}{\~a}o entre t{\'e}cnicas de interpola{\c{c}}{\~a}o e de separa{\c{c}}{\~a}o regional-residual},
  author={Ribeiro, Vanessa Biondo and Mantovani, Marta Silvia Maria},
  journal={Revista Brasileira de Geof{\'\i}sica},
  volume={29},
  number={3},
  year={2011}
}

@article{beltrao1989nova,
  title={Uma nova abordagem para interpreta{\c{c}}{\~a}o de anomalias gravim{\'e}tricas regionais e residuais aplicada ao estudo da organiza{\c{c}}{\~a}o crustal: exemplo da Regi{\~a}o Norte do Piau{\'\i} e Noroeste do Cear{\'a}},
  author={BELTR{\~A}O, Jacira Felipe},
  year={1989},
  publisher={Universidade Federal do Par{\'a}}
}

@article{mickus1991regional,
  title={Regional-residual gravity anomaly separation using the minimum-curvature technique},
  author={Mickus, Kevin L and Aiken, Carlos LV and Kennedy, WD},
  journal={Geophysics},
  volume={56},
  number={2},
  pages={279--283},
  year={1991},
  publisher={Society of Exploration Geophysicists}
}

@article{ridsdill1998separation,
  title={Separation filtering of aeromagnetic data using filter-banks},
  author={Ridsdill-Smith, Thomas A},
  journal={Exploration Geophysics},
  volume={29},
  number={3/4},
  pages={577--583},
  year={1998},
  publisher={Australian Society of Exploration Geophysicists (ASEG) PO Box 8463, Perth Business Centre WA 6849 Australia}
}

@article{gupta1980some,
  title={Some aspects of regional-residual separation of gravity anomalies in a Precambrian terrain},
  author={Gupta, VK and Ramani, N},
  journal={Geophysics},
  volume={45},
  number={9},
  pages={1412--1426},
  year={1980},
  publisher={Society of Exploration Geophysicists}
}

@article{fedi1998wavelet,
  title={Wavelet analysis for the regional-residual and local separation of potential field anomalies},
  author={Fedi, Maurizio and Quarta, Tatiana},
  journal={Geophysical prospecting},
  volume={46},
  number={5},
  pages={507--525},
  year={1998}
}

@article{wessel1998empirical,
  title={An empirical method for optimal robust regional-residual separation of geophysical data},
  author={Wessel, Paul},
  journal={Mathematical Geology},
  volume={30},
  number={4},
  pages={391--408},
  year={1998},
  publisher={Springer}
}

@article{keating2011use,
  title={Use of non-linear filtering for the regional--residual separation of potential field data},
  author={Keating, Pierre and Pinet, Nicolas},
  journal={Journal of Applied Geophysics},
  volume={73},
  number={4},
  pages={315--322},
  year={2011},
  publisher={Elsevier}
}

@article{kim2008directional,
  title={Directional median filtering for regional-residual separation of bathymetry},
  author={Kim, Seung-Sep and Wessel, Paul},
  journal={Geochemistry, Geophysics, Geosystems},
  volume={9},
  number={3},
  year={2008},
  publisher={Wiley Online Library}
}

@article{roach1993comparison,
  title={A comparison of regional--residual separation techniques for gravity surveys},
  author={Roach, MJ and Leaman, DE and Richardson, RG},
  journal={Exploration Geophysics},
  volume={24},
  number={3/4},
  pages={779--784},
  year={1993},
  publisher={Australian Society of Exploration Geophysicists (ASEG) PO Box 8463, Perth Business Centre WA 6849 Australia}
}

@article{syberg1972fourier,
  title={A Fourier method for the regional-residual problem of potential fields},
  author={Syberg, FJR},
  journal={Geophysical Prospecting},
  volume={20},
  number={1},
  pages={47--75},
  year={1972}
}

@article{mesko1965some,
  title={Some notes concerning the frequency analysis for gravity interpretation},
  author={Mesko, A},
  journal={Geophysical prospecting},
  volume={13},
  number={3},
  pages={475--488},
  year={1965}
}

@article{bhattacharyya1977spectral,
  title={Spectral analysis of gravity and magnetic anomalies due to rectangular prismatic bodies},
  author={Bhattacharyya, BK and Leu, Lei-Kuang},
  journal={Geophysics},
  volume={42},
  number={1},
  pages={41--50},
  year={1977},
  publisher={Society of Exploration Geophysicists}
}

@article{bhattacharyya1975spectral,
  title={Spectral analysis of gravity and magnetic anomalies due to two-dimensional structures},
  author={Bhattacharyya, BK and Leu, Lei-Kuang},
  journal={Geophysics},
  volume={40},
  number={6},
  pages={993--1013},
  year={1975},
  publisher={Society of Exploration Geophysicists}
}

@article{rummel1992spectral,
  title={Spectral analysis of the full gravity tensor},
  author={Rummel, R and Van Gelderen, M},
  journal={Geophysical Journal International},
  volume={111},
  number={1},
  pages={159--169},
  year={1992},
  publisher={Wiley Online Library}
}

@article{regan1976effect,
  title={The effect of finite data length in the spectral analysis of ideal gravity anomalies},
  author={Regan, Robert D and Hinze, William J},
  journal={Geophysics},
  volume={41},
  number={1},
  pages={44--55},
  year={1976},
  publisher={Society of Exploration Geophysicists}
}

@article{tenzer2012spatial,
  title={Spatial and spectral analysis of refined gravity data for modelling the crust--mantle interface and mantle-lithosphere structure},
  author={Tenzer, Robert and Gladkikh, Vladislav and Nov{\'a}k, Pavel and Vajda, Peter},
  journal={Surveys in Geophysics},
  volume={33},
  number={5},
  pages={817--839},
  year={2012},
  publisher={Springer}
}

@article{spector1970statistical,
  title={Statistical models for interpreting aeromagnetic data},
  author={Spector, A and Grant, FS},
  journal={Geophysics},
  volume={35},
  number={2},
  pages={293--302},
  year={1970},
  publisher={Society of Exploration Geophysicists}
}

@article{hornby1999analysis,
  title={Analysis of potential field data in the wavelet domain},
  author={Hornby, P and Boschetti, F and Horowitz, FG},
  journal={Geophysical Journal International},
  volume={137},
  number={1},
  pages={175--196},
  year={1999},
  publisher={Wiley Online Library}
}

@article{jacobsen1987case,
  title={A case for upward continuation as a standard separation filter for potential-field maps},
  author={Jacobsen, Bo Holm},
  journal={Geophysics},
  volume={52},
  number={8},
  pages={1138--1148},
  year={1987},
  publisher={Society of Exploration Geophysicists}
}

@article{gunn1975linear,
  title={Linear transformations of gravity and magnetic fields},
  author={Gunn, PJ},
  journal={Geophysical Prospecting},
  volume={23},
  number={2},
  pages={300--312},
  year={1975},
  publisher={Wiley Online Library}
}

@article{braitenberg2006basement,
  title={Basement structures from satellite-derived gravity field: South China Sea ridge},
  author={Braitenberg, Carla and Wienecke, Susann and Wang, Yong},
  journal={Journal of Geophysical Research: Solid Earth},
  volume={111},
  number={B5},
  year={2006},
  publisher={Wiley Online Library}
}

@article{paterson1985applications,
  title={Applications of gravity and magnetic surveys: The state-of-the-art in 1985},
  author={Paterson, Norman R and Reeves, Colin V},
  journal={Geophysics},
  volume={50},
  number={12},
  pages={2558--2594},
  year={1985},
  publisher={Society of Exploration Geophysicists}
}

@article{dolmaz2005curie,
  title={Curie point depths based on spectrum analysis of aeromagnetic data, West Anatolian extensional province, Turkey},
  author={Dolmaz, MN and Hisarli, ZM and Usta{\"o}mer, T and Orbay, N},
  journal={Pure and Applied Geophysics},
  volume={162},
  number={3},
  pages={571--590},
  year={2005},
  publisher={Springer}
}

@article{beltrao1991robust,
  title={Robust polynomial fitting method for regional gravity estimation},
  author={Beltrao, JF and Silva, JBC and Costa, JC},
  journal={Geophysics},
  volume={56},
  number={1},
  pages={80--89},
  year={1991},
  publisher={Society of Exploration Geophysicists}
}

@article{leao1996gravity,
  title={Gravity inversion of basement relief constrained by the knowledge of depth at isolated points},
  author={Leao, Jorge WD and Menezes, Paulo TL and Beltr{\~a}o, Jacira F and Silva, Joao BC},
  journal={Geophysics},
  volume={61},
  number={6},
  pages={1702--1714},
  year={1996},
  publisher={Society of Exploration Geophysicists}
}

@article{barbosa1999gravity,
  title={Gravity inversion of a discontinuous relief stabilized by weighted smoothness constraints on depth},
  author={Barbosa, Valeria CF and Silva, Joao BC and Medeiros, Walter E},
  journal={Geophysics},
  volume={64},
  number={5},
  pages={1429--1437},
  year={1999},
  publisher={Society of Exploration Geophysicists}
}

@article{silva2006gravity,
  title={Gravity inversion of basement relief and estimation of density contrast variation with depth},
  author={Silva, Jo{\~a}o B and Costa, Denis C and Barbosa, Val{\'e}ria C},
  journal={Geophysics},
  volume={71},
  number={5},
  pages={J51--J58},
  year={2006},
  publisher={Society of Exploration Geophysicists}
}

@article{guspi2000sparse,
  title={A sparse spectrum technique for gridding and separating potential field anomalies},
  author={Gusp{\'\i}, Fernando and Introcaso, Beatriz},
  journal={Geophysics},
  volume={65},
  number={4},
  pages={1154--1161},
  year={2000},
  publisher={Society of Exploration Geophysicists}
}

@article{martinez2015regional,
  title={Regional and residual anomaly separation in microgravity maps for cave detection: the case study of Gruta de las Maravillas (SW Spain)},
  author={Mart{\'\i}nez-Moreno, FJ and Galindo-Zald{\'\i}var, J and Pedrera, A and Teixid{\'o}, T and Pe{\~n}a, JA and Gonz{\'a}lez-Castillo, L},
  journal={Journal of Applied Geophysics},
  volume={114},
  pages={1--11},
  year={2015},
  publisher={Elsevier}
}

@article{martin2011comparison,
  title={A comparison of robust polynomial fitting, global geopotential model and spectral analysis for regional--residual gravity field separation in the Do{\~n}ana National Park (Spain)},
  author={Mart{\'\i}n, A and N{\'u}{\~n}ez, MA and Gili, JA and Anquela, AB},
  journal={Journal of Applied Geophysics},
  volume={75},
  number={2},
  pages={327--337},
  year={2011},
  publisher={Elsevier}
}

@article{montesinos1999analysis,
  title={Analysis of gravimetric anomalies in Furnas caldera (Sao Miguel, Azores)},
  author={Montesinos, FG and Camacho, AG and Vieira, R},
  journal={Journal of volcanology and geothermal research},
  volume={92},
  number={1-2},
  pages={67--81},
  year={1999},
  publisher={Elsevier}
}

@inproceedings{migliaccio2010goce,
  title={GOCE data analysis: the space-wise approach and the first space-wise gravity field model},
  author={Migliaccio, Federica and Reguzzoni, Mirko and Sanso, Fernando and Tscherning, CC and Veicherts, M and others},
  booktitle={Proceedings of the ESA living planet symposium},
  volume={28},
  year={2010},
  organization={Citeseer}
}

@article{floberghagen2011mission,
  title={Mission design, operation and exploitation of the gravity field and steady-state ocean circulation explorer mission},
  author={Floberghagen, Rune and Fehringer, Michael and Lamarre, Daniel and Muzi, Danilo and Frommknecht, Bj{\"o}rn and Steiger, Christoph and Pi{\~n}eiro, Juan and Da Costa, Andrea},
  journal={Journal of Geodesy},
  volume={85},
  number={11},
  pages={749--758},
  year={2011},
  publisher={Springer}
}

@article{rebhan2000gravity,
  title={The gravity field and steady-state ocean circulation explorer mission-GOCE},
  author={Rebhan, H and Aguirre, M and Johannessen, J},
  journal={ESA Earth Observation Quarterly},
  volume={66},
  pages={6--11},
  year={2000}
}

@inproceedings{drinkwater2006goce,
  title={The GOCE gravity mission: ESAâ€™s first core Earth explorer},
  author={Drinkwater, Mark R and Haagmans, R and Muzi, D and Popescu, A and Floberghagen, R and Kern, M and Fehringer, M},
  booktitle={Proceedings of the 3rd international GOCE user workshop},
  pages={6--8},
  year={2006},
  organization={Citeseer}
}

@incollection{sampietro2016crustal,
  title={Crustal modelling and Moho estimation with GOCE gravity data},
  author={Sampietro, Daniele},
  booktitle={Remote sensing advances for earth system science},
  pages={127--144},
  year={2016},
  publisher={Springer}
}

@article{reguzzoni2015gemma,
  title={GEMMA: An Earth crustal model based on GOCE satellite data},
  author={Reguzzoni, M and Sampietro, D},
  journal={International Journal of Applied Earth Observation and Geoinformation},
  volume={35},
  pages={31--43},
  year={2015},
  publisher={Elsevier}
}

@article{sampietro2013gemma,
  title={The GEMMA crustal model: first validation and data distribution},
  author={Sampietro, D and Reguzzoni, M and Negretti, M},
  journal={ESA Special Publication},
  volume={722},
  pages={30},
  year={2013}
}

@article{feijo1994bacia,
  title={Bacia de Barreirinhas},
  author={Feij{\'o}, FJ},
  journal={Boletim de Geoci{\^e}ncias da PETROBRAS},
  volume={8},
  number={1},
  pages={103--109},
  year={1994}
}

@article{trosdtorf2007bacia,
  title={Bacia de Barreirinhas},
  author={Trosdtorf Jr, I and Zal{\'a}n, PV and Figueiredo, JJP and Soares, EF},
  journal={Boletim Geoci{\^e}ncias Petrobr{\'a}s},
  volume={15},
  pages={331--333},
  year={2007}
}

@article{soaresjunior2008evolucao,
  title={Evolu{\c{c}}{\~a}o da margem atl{\^a}ntica equatorial do Brasil: Tr{\^e}s fases distensivas},
  author={J{\'u}nior, Adilson Viana Soares and Costa, Jo{\~a}o Batista Sena and Hasui, Yociteru},
  journal={Geoci{\^e}ncias (S{\~a}o Paulo)},
  volume={27},
  number={4},
  pages={427--437},
  year={2008}
}

@article{soaresjunior2011evolucao,
  title={Evolu{\c{c}}{\~a}o do rifteamento e paleogeografia da margem Atl{\^a}ntica Equatorial do Brasil: Tri{\'a}ssico ao Holoceno},
  author={Soares J{\'u}nior, Adilson Viana and Hasui, Yociteru and Costa, Jo{\~a}o Batista Sena and Machado, F{\'a}bio Braz},
  journal={Geoci{\^e}ncias},
  pages={669--692},
  year={2011}
}

@article{almeida2009quaternary,
  title={Quaternary reactivation of a basement structure in the Barreirinhas Basin, Brazilian Equatorial Margin},
  author={Almeida-Filho, Raimundo and Rossetti, Dilce F and Miranda, Fernando P and Ferreira, Francisco J and Silva, Clauzionor and Beisl, Carlos},
  journal={Quaternary Research},
  volume={72},
  number={1},
  pages={103--110},
  year={2009},
  publisher={Cambridge University Press}
}

@article{almeida2017correlaccao,
  title={Correla{\c{c}}{\~a}o do magmatismo das bacias da margem continental brasileira com o das {\'a}reas emersas adjacentes},
  author={De Almeida, Fernando Fl{\'a}vio Marques and Carneiro, Celso Dal R{\'e} and Mizusaki, Ana Maria Pimentel},
  journal={Revista Brasileira de Geoci{\^e}ncias},
  volume={26},
  number={3},
  pages={125--138},
  year={2017}
}

@article{krueger2012deposition,
  title={Deposition and deformation in the deepwater sediment of the offshore Barreirinhas Basin, Brazil},
  author={Krueger, Ana and Murphy, Mike and Gilbert, Ed and Burke, Kevin},
  journal={Geosphere},
  volume={8},
  number={6},
  pages={1606--1631},
  year={2012},
  publisher={Geological Society of America}
}

@incollection{burke1976development,
  title={Development of graben associated with the initial ruptures of the Atlantic Ocean},
  author={Burke, Kevin},
  booktitle={Developments in Geotectonics},
  volume={12},
  pages={93--112},
  year={1976},
  publisher={Elsevier}
}

@phdthesis{krueger2012brazilian,
  title={The Brazilian Equatorial Margin from Rift to Drift: Faulting, Deposition, and Deformation in the Offshore Barreirinhas Basin},
  author={Krueger, Ana},
  year={2012}
}

@article{milani2007bacias,
  title={Bacias sedimentares brasileiras: cartas estratigr{\'a}ficas},
  author={Milani, Edison Jos{\'e} and Rangel, Hamilton Duncan and Bueno, Gilmar Vital and Stica, Juliano Magalh{\~a}es and Winter, Wilson Rubem and Caixeta, Jos{\'e} Maur{\'\i}cio and Neto, OC Pessoa},
  journal={Anexo ao Boletim de Geoci{\^e}ncias da Petrobr{\'a}s},
  volume={15},
  number={1},
  year={2007}
}

@article{dematos2000tectonic,
  title={Tectonic evolution of the equatorial South Atlantic},
  author={De Matos, Renato M Darros},
  journal={Atlantic Rifts and continental margins},
  pages={331--354},
  year={2000},
  publisher={Wiley Online Library}
}
